@book{friedman2009elements,
  title = {The elements of statistical learning: Data Mining, Inference, and Prediction},
  author = {Friedman, Jerome and Hastie, Trevor and Tibshirani, Robert},
  year = {2009},
  edition = {2},
  publisher={Springer series in statistics Springer, Berlin}
}

@article{weatherwax2013solution,
  title = {A Solution Manual and Notes for: The Elements of Statistical Learning by Jerome Friedman, Trevor Hastie, and Robert Tibshirani},
  author = {Weatherwax, John L. and Epstein, David},
  url = "http://waxworksmath.com/Authors/G\_M/Hastie/hastie.html",
  year = {2013},
  month = {June}
}

@article{wu2016partial,
  title = {A Partial Solution Manual for: The Elements of Statistical Learning by Jerome Friedman, Trevor Hastie, and Robert Tibshirani},
  author = {Wenhao Wu},
  url = "https://github.com/huragok/IDA",
  year={2016}
}

@article{hastie1994flexible,
  title={Flexible discriminant analysis by optimal scoring},
  author={Hastie, Trevor and Tibshirani, Robert and Buja, Andreas},
  journal={Journal of the American statistical association},
  volume={89},
  number={428},
  pages={1255--1270},
  year={1994},
  publisher={Taylor \& Francis}
}

@article{baudat2000generalized,
  title={Generalized discriminant analysis using a kernel approach},
  author={Baudat, Gaston and Anouar, Fatiha},
  journal={Neural computation},
  volume={12},
  number={10},
  pages={2385--2404},
  year={2000},
  publisher={MIT Press}
}
